@misc{ProjectRepo:2017
    , title = {CS458 - Information Visualization: Project Repo}
    , author = {Makiah Merritt}
    , year = {2017}
    , month = {May}
    , url = {https://github.com/makiahmer/cs458}
}