@misc{ProjectRepo:2017
	, title = {CS458 - Information Visualization: Project Repo}
	, author = {Makiah Merritt}
	, year = {2017}
	, month = {May}
	, url = {https://github.com/makiahmer/cs458}
}

@misc{PROACT:2016
	, title = {PROACT: Iterative Design of a Patient-Centered Visualization for Effective Prostate Cancer Health Risk Communication}
	, author = {Anzu Hakone{,} Lane Harrison{,} Alvitta Ottley{,} Nathan Winters{,} Caitlin Gutheil{,} Paul K. J. Han{,} and Remco Chang}
	, year = {2016}
	, url = {http://web.cs.wpi.edu/~ltharrison/files/hakone2016proact.pdf}
}

@misc{LifeLines:2014
	, title = {LifeLines}
	, author = {Cam Davidson-Pilon}
	, year = {2014}
	, url = {http://lifelines.readthedocs.io/en/latest/index.html}
}
